<record><leader>00000cas a22000007a 4500</leader><controlfield tag="001">13260827</controlfield><controlfield tag="008">860307d19271930wvuwr ne      0    0eng d</controlfield><datafield ind1=" " ind2=" " tag="010"><subfield code="a">sn 86092332 </subfield></datafield><datafield ind1=" " ind2=" " tag="040"><subfield code="a">WVC</subfield><subfield code="b">eng</subfield><subfield code="c">WVC</subfield><subfield code="d">OCL</subfield><subfield code="d">OCLCQ</subfield></datafield><datafield ind1=" " ind2=" " tag="042"><subfield code="a">msc</subfield></datafield><datafield ind1="0" ind2="0" tag="245"><subfield code="a">Grafton press---and the Belington progressive.</subfield></datafield><datafield ind1=" " ind2=" " tag="260"><subfield code="a">Grafton, W. Va. :</subfield><subfield code="b">Grafton Press Co.,</subfield><subfield code="c">1927-</subfield></datafield><datafield ind1=" " ind2=" " tag="300"><subfield code="a">v.</subfield></datafield><datafield ind1=" " ind2=" " tag="310"><subfield code="a">Weekly</subfield></datafield><datafield ind1="0" ind2=" " tag="362"><subfield code="a">Vol. 16, no. 1 (May 21, 1927)-</subfield></datafield><datafield ind1="1" ind2=" " tag="362"><subfield code="a">Ceased in 1930?</subfield></datafield><datafield ind1=" " ind2=" " tag="500"><subfield code="a">"Consolidated with the Belington Progressive."</subfield></datafield><datafield ind1=" " ind2=" " tag="500"><subfield code="a">Established by Robert Pritchard, Andrew Tomiston &amp; Roscoe "Rosie" Reed. Bulletin, April, 1927.</subfield></datafield><datafield ind1=" " ind2=" " tag="515"><subfield code="a">Continued the numbering of: Belington progressive.</subfield></datafield><datafield ind1=" " ind2=" " tag="752"><subfield code="a">United States</subfield><subfield code="b">West Virginia</subfield><subfield code="c">Taylor</subfield><subfield code="d">Grafton.</subfield></datafield><datafield ind1="0" ind2="6" tag="780"><subfield code="t">Belington progressive</subfield><subfield code="w">(DLC)sn 86092333</subfield></datafield><datafield ind1="0" ind2="0" tag="785"><subfield code="t">Grafton press</subfield><subfield code="w">(DLC)sn 86092347</subfield></datafield></record>